@string{cambridge = "Cambridge University Press"}
@string{cambridge-ad = "Cambridge"}

@PHDTHESIS{Zherlov_1999,
    lang   = "ru",
    AUTHOR = "А. К. Жерлов",
    TITLE  = "Логическое исчисление позитивно--образованных формул,
его свойства и применение, канд. дисс.",
    SCHOOL = "ИДСТУ СО РАН",
    ADDRESS= "Иркутск",
    YEAR   = "1999"
}

@booklet{kuz:2005,
    lang   = "ru",
    TITLE  = "Трансформация программных моделей и ее применение в технологии MDA",
    SCHOOL = "Институт системного программирования РАН",
    ADDRESS= "Москва",
    YEAR   = "2005",
    author = "Кузнецов, М.Б.",
    language = {russian},
    url    = {http://citforum.ru/SE/project/uml_mda/},
    urldate= {2010-10-02},
    annotation = {Для эффективного использования методики разработки программных систем MDA необходимо создание методов и технологий, позволяющих специфицировать и автоматически выполнять преобразования программных моделей. В статье рассмотрены основы MDA и роль, которую в этой методике играет трансформация моделей. Далее рассматривается специализированный для использования в этой методике язык описания трансформации, его свойства и пример практического использования.}
}

@article{kuz:2007,
    lang   = "ru",
    TITLE  = "Трансформация программных моделей и ее применение в технологии MDA",
    journaltitle = "Программирование",
    SCHOOL = "Институт системного программирования РАН",
    ADDRESS= "Москва",
    YEAR   = "2007",
    volume = "33",
    number = "1",
    pages  = "65-79", 
    author = "Кузнецов, М.Б.",
    language = {russian},
    issn   = "0132-3474",
    url    = {http://elibrary.ru/item.asp?id=9450042},
    urldate= {2010-10-02},
    publisher = {Академиздатцентр "Наука" РАН} 
}

@article{cherk:2005,
    lang   = "ru",
    TITLE  = "Автоматизация синтеза ядра информационной системы с использованием UML-описания",
    journaltitle = "Вычислительные технологии",
    ADDRESS= "Новосибирск",
    YEAR   = "2005",
    volume = "10",
    pages  = "114-121", 
    author = "Черкашин, Е.А. and Федоров, Р.К. and Бычков, И.В. and Парамонов, В.В.",
    language = {russian},
    issn   = "",
    url    = {},
    urldate= {},
    publisher = {Издательствл Института вычислительных технологий СО РАН} 
}

@article{paramonov:2009,
    lang   = "ru",
    TITLE  = "О результатах разработки информационной системы",
    journaltitle = "Сибирский медицинский журнал",
    ADDRESS= "Иркутск",
    YEAR   = "2009",
    number = "3",
    pages  = "87--90", 
    author = "Парамонов, В.В and Черкашин, Е.А. and Фёдоров, Р.К. and Сенькин, Ю.Г. and Лалетин, В.Г.",
    language = {russian},
    issn   = "",
    url    = {},
    urldate= {},
    publisher = {} 
}


@article{gorsky:2007,
    lang   = "ru",
    hyphenation = "russian",
    TITLE  = "Инструментальный комплекс ORLANDO TOOLS",
    journaltitle = "Программные продукты и системы",
    YEAR   = "2007",
    number = "4",
    pages  = "63-65", 
    author = "Опарин, Г.А. and Феоктистов, А.Г. and Новопашин А.П. and Горский, C.А.",
    language = {russian},
    issn   = "0236-235X",
    url    = {http://elibrary.ru/item.asp?id=11685739},
    urldate= {2010-10-06},
    publisher = {ЗАО НИИ ``Центрпрограммсистем''} 
}

@article{hmelnov:2007,
    lang   = "ru",
    TITLE  = "Метаописание баз данных как основа интеграции информационно-справочных систем и ГИС",
    journaltitle = "Вычислительные технологии",
    ADDRESS= "Новосибирск",
    YEAR   = "2007",
    volume = "12",
    number = "5",
    pages  = "41-51", 
    author = "И.В. Бычков and Е.С. Фереферов and А.Е. Хмельнов",
    language = {russian},
    issn   = "1560-7534",
    url    = {http://elibrary.ru/item.asp?id=12878967},
    urldate= {2010-10-04},
    publisher = {Институт вычислительных технологий СО РАН} 
}

 
@ONLINE{Doe:2009:Online,
    author = {Doe, Ringo},
    title = {This is a test entry of type {@ONLINE}},
    month = jun,
    year = {2009},
    url = {http://www.test.org/doe/},
    urldate = {2006-10-01}
}

@ONLINE{mixin,
    title = {MIXIN},
    url = {http://en.wikipedia.org/wiki/Mixin},
    urldate = {2006-10-02}
}

@Online{MDA,
 hyphenation = {american},
 title = {OMG Model Driven Architecture},
 url = {http://www.omg.org/mda/},
 urldate = {2010-10-01}
}

@Online{mdaguide,
 hyphenation = {american},
 title = {OMG MDA Guide},
 url   = {http://www.omg.org/docs/omg/03-06-01.pdf},
 urldate = {2010-10-01}
}

@Online{UML,
 hyphenation = {american},
 title = {Unified Modeling Language (UML)},
 url =  {http://www.omg.org/spec/UML/2.0/Infrastructure/PDF/},
 urldate = {2010-10-01}
}

@Online{OCL,
 hyphenation = {american},
 title = {Object Constraint Language (OCL)},
 url =  {http://www.omg.org/spec/OCL/2.0/PDF},
 urldate = {2010-10-01}
}

@Online{MOF,
 hyphenation = {american},
 title = {Meta Object Facility (MOF)},
 url =  {http://www.omg.org/spec/MOF/2.0/PDF},
 urldate = {2010-10-01}
}

@Online{ctemplate,
 hyphenation = {american},
 title = {A simple but powerful template language for C++},
 url =  {http://code.google.com/p/google-ctemplate/},
 urldate = {2010-10-01}
}

@Online{XML,
 hyphenation = {american},
 title = {Extensible Markup Language (XML)},
 url =  {http://www.w3.org/XML/},
 urldate = {2010-10-01}
}

@Online{XMI,
 hyphenation = {american},
 title = {OMG XMI Specification},
 url =  {http://www.omg.org/technology/documents/formal/xmi.htm},
 urldate = {2010-10-01}
}

@Online{libxml2,
 hyphenation = {american},
 title = {The XML C parser},
 url =  {http://xmlsoft.org/},
 urldate = {2010-10-01}
}

@Online{ZCA,
 hyphenation = {american},
 author = {Baiju Muthukadan},
 title = {A Comprehensive Guide to Zope Component Architecture},
 url =  {http://www.muthukadan.net/docs/zca.html},
 otherurl = {http://www.muthukadan.net/docs/zca.pdf, Печатное издание: http://www.lulu.com/product/paperback/a-comprehensive-guide-to-zope-component-architecture/6034935},
 urldate = {2010-10-01}
}

@Online{repoze,
 hyphenation = {american},
 title = {BFG},
 url =  {http://bfg.repoze.org/},
 urldate = {2010-10-01}
}

@Online{rightjs,
 hyphenation = {american},
 title = {JavaScript Framework That Feels Right},
 url =  {http://rightjs.org/},
 urldate = {2010-10-01}
}

@Online{ajax,
 hyphenation = {american},
 title = {AJAX},
 url =  {http://ru.wikipedia.org/wiki/AJAX},
 urldate = {2010-10-01}
}

@Online{mysql,
 hyphenation = {american},
 title = {MySQL ::  The world's most popular open source database},
 url =  {http://www.mysql.com/},
 urldate = {2010-10-01}
}

@Online{alchemy,
 hyphenation = {american},
 title = {SQLAlchemy - The Database Toolkit for Python},
 url =  {http://www.sqlalchemy.org/},
 urldate = {2010-10-01}
}

@Online{python,
 hyphenation = {american},
 title = {Python Programming Language – Official Website},
 url =  {http://www.python.org/},
 urldate = {2010-10-01}
}

@Online{proto:wiki,
 hyphenation = {american},
 title = {Prototype-based programming},
 url =  {http://en.wikipedia.org/wiki/Prototype-based_programming},
 urldate = {2010-10-02}
}

@Online{wsgi,
 hyphenation = {american},
 title = {WsgiStart - WSGI Wiki},
 url =  {http://wsgi.org/wsgi/},
 urldate = {2010-10-01}
}

@Online{mongodb,
 hyphenation = {american},
 title = {MongoDB},
 url =  {http://www.mongodb.org/},
 urldate = {2010-10-02}
}

@Online{mvc,
 hyphenation = {american},
 title = {Model-View-Controller},
 url =  {http://ru.wikipedia.org/wiki/Model-View-Controller},
 urldate = {2010-10-01}
}

@Online{zpt,
 hyphenation = {american},
 title = {Zope Page Templates},
 url =  {http://en.wikipedia.org/wiki/Zope\#Zope\_Page\_Templates},
 urldate = {2010-10-01}
}

@Online{setuptools,
 hyphenation = {american},
 title = {EasyInstall - The PEAK Developers' Center},
 url =  {http://peak.telecommunity.com/DevCenter/EasyInstall},
 urldate = {2010-10-01}
}

@Online{sphinx,
 hyphenation = {american},
 title = {Sphinx - Free open-source SQL full-text search engine},
 url =  {http://www.sphinxsearch.com/},
 urldate = {2010-10-01}
}

@Online{xhtml,
 hyphenation = {american},
 title = {XHTML 1.1 - Module-based XHTML},
 url =  {http://www.w3.org/TR/xhtml11/},
 urldate = {2010-10-01}
}

@Mastersthesis {diploma,
    lang   = "ru",
    language = {russian},
    hyphenation = {russian},
    author = {Ипатов С.А.},
    title  = {Автоматизированное преобразование баз данных на основе анализа MDA-модели информационной системы. Программирование},
    institution = {Иркутский государственный технический университет},
    year   = {2007},
    pages    = {80}
}

@PHDTHESIS{Gulyamov_1997,
    lang   = "ru",
    AUTHOR = "Ш. Б. Гулямов",
    TITLE  = "Математическое и программное обеспечение решения первопорядковых логических уравнений, канд. дисс.",
    school = "ИрВЦ СО РАН",
    address= "Иркутск",
    YEAR   = "1997"
}

@CONFERENCE{Vass1,
    AUTHOR = "S. N. Vassilyev", 
    TITLE  = "Modeling Logical Derivation and Hypothesis Generation", 
    BOOKTITLE = "Proc. of CESA'96 Conference",
    VOLUME = "1",
    PAGES  = "148--153",
    YEAR   = "1996"
}
@ARTICLE{VassDAN,
    lang   = "ru",
    AUTHOR = "С. Н. Васильев and А. К. Жерлов",
    TITLE  = "Об исчислении типово--кванторных формул",
    JOURNAL = "Докл. Акад. Наук",
    VOLUME = "343",
    NUMBER = "5",
    PAGES  = "583--585",
    YEAR   = "1995"
}
@ARTICLE{ipatov:2009,
    lang   = "ru",
    language = "russian",
    AUTHOR = "Ипатов, С.А. and Черкашин Е.А.",
    TITLE  = "Логический подход к обработке UML--моделей информационных систем",
    JOURNAL = "Современные технологии. Системный анализ. Моделирование.",
    NUMBER = "3(23)",
    PAGES  = "91--97",
    YEAR   = "2009",
    issn = "1813-9108",
    publisher = "Иркутский государственный университет путей сообщения",
    url = {http://elibrary.ru/item.asp?id=12805223},
    urldate = "2010-10-06",
    annotation = "Рассматривается методика обработки UML-модели программной системы, представленной в виде XML-документа. Основная стадия обработки представлена на логическом языке Prolog. Предлагаемая методика демонстрируется на примере анализа структуры XMI-представления UML-диаграммы в рамках направления проектирования программного обеспечения - MDA (Model Driven Architecture). Методика позволяет разрабатывать многоэтапные процедуры трансформации исходной UML-модели включающей, кроме структурных, также и семантические данные, управляющие процессом трансформации."
}

@CONFERENCE{ipatov:2007,
    lang   = "ru",
    language = "russian",
    AUTHOR = "Ипатов, С.А.",
    TITLE  = "Автоматизированное преобразование баз данных на основе MDA-модели информационной системы",
    BOOKTITLE= "Материалы IX школы-семинара Математическое моделирование и информационные технологии",
    ADDRESS= "Иркутск",
    YEAR   = "2007"
}

@CONFERENCE{ipatov:2009a,
    lang   = "ru",
    language = "russian",
    AUTHOR = "Ипатов, С.А.",
    TITLE  = "Логический подход к трансформации моделей информационных систем",
    BOOKTITLE= "Материалы конференции Математическое моделирование и вычислительно-информационные технологии в междисциплинарных научных исследованиях",
    ADDRESS= "Иркутск",
    YEAR   = "2009"
}

@CONFERENCE{ipatov:2010,
    lang   = "ru",
    language = "russian",
    AUTHOR = "Ипатов, С.А.",
    TITLE  = "Автоматизация разработки программных систем с использованием подхода MDA",
    BOOKTITLE= "Материалы XI школы-семинара Математическое моделирование и информационные технологии",
    ADDRESS= "Иркутск",
    YEAR   = "2007"
}




@ARTICLE{VassDANe,
    AUTHOR = "S. N. Vassilyev and A. K. Zherlov",
    TITLE  = "On Calculus of Formulas with Type--Quantifiers",
    JOURNAL = "Dokl. Akad. Nauk",
    VOLUME = "343",
    NUMBER = "5",
    PAGES  = "583--585",
    YEAR   = "1995"
}
@INCollection{Estey,
    AUTHOR = "Р. С. Эстей",
    Title  = "Прибор для слежения за {З}емлей или {Л}уной, находящейся 
в неполной фазе",
    BookTITLE  = "Автоматическое управление космическими летательными 
аппаратами",
    PUBLISHER= "М.:~Наука",
    YEAR   = "1968",
    lang = "ru"
}

@INCollection{Estey_e,
    AUTHOR = "R. S. Estey",
    Title  = "Device for Watching the Earth or the Moon in Nonfull Phase",
    BookTITLE  = "Automatic Control of Space Systems",
    PUBLISHER= "``Nauka'' Publ.",
    YEAR   = "1968",
}

@INCollection{flext,
    AUTHOR = "A. Hmelnov and S. Vassilyev",
    Title  = "Data description language FlexT: flexible types for description of static data",
    BookTITLE  = "Software and Hardware Engineering for the 21th Century",
    PUBLISHER= "WESES Press",
    YEAR   = "1999",
    pages  = "146-151",
    editor = "N. Mastorakis",
}

@CONFERENCE{Bilche,
    AUTHOR = "G. G. Bilchenko and V. M. Matrosov and S. N. Vassilyev", 
    TITLE  = "Guidance System of Telescope to the Planet Center in Nonfull Phase",
    BOOKTITLE= "Proc. of IFAC Symp. on Automatic Control in Space",
    ADDRESS= "Geneva",
    YEAR   = "1973"
}
@CONFERENCE{Bilch,
    AUTHOR = "Г. Г. Бильченко and С. Н. Васильев and В. М. Матросов", 
    TITLE  = "Система наведения телескопа на центр планеты в неполной 
фазе",
    BOOKTITLE= "Труды V Международного симпозиума ИФАК по 
автоматическому управлению в пространстве",
    PUBLISHER= "М.:~Наука",
    YEAR   = "1975",
    VOLUME = "1",
    pages  = "45--57",
    lang   = "ru"
}
@INCollection{Gabbay_1995,
    author = "D. M. Gabbay and M. Reynolds",
    title= "Towards a Computational Treatment of Time",
    booktitle  = "Handbook of Logic in Artificial Intelligence and Logic Programming",
    volume = "4, ``Epistemic and Temporal Reasoning''",
    publisher="Clarendon Press",
    address= "Oxford",
    pages  = "351--437",
    year   = "1995"
}
@BOOK{Handbk,
    AUTHOR = "",
    TITLE  = "Handbook on Intelligent Control",
    EDITOR = "D. White and D. Sofge",
    PUBLISHER="Van Nostrand Reinhold", 
    ADDRESS= "New York",
    YEAR   = "1992"
}
@INBOOK{Siha,
    AUTHOR = "N. K. Sinha and M. M. Gupta", 
    CHAPTER= "``Toward intelligent machines''",
    EDITORS= "M. Gupta and N. Sinha",
    TITLE  = "Intelligent Control Systems. Theory and Applications",
    PUBLISHER="IEEE Press",
    ADDRESS= "New York",
    PAGES  = "804--807",
    YEAR   = "1996"
}
@INBOOK{Astrom_1992,
    AUTHOR = "K. J. {\AA}str{\"o}m and T. J. McAvoy", 
    CHAPTER= "``Intelligent Control: an Overview and Evaluation''",
    EDITORS= "D. White and D. Sofge",
    TITLE  = "Handbook on Intelligent Control",
    PUBLISHER="Van Nostrand Reinhold",
    ADDRESS= "New~York", 
    PAGES  = "3--34",
    YEAR   = "1992"
}
@ARTICLE{VassLP,
    AUTHOR = "S. N. Vassilyev",
    TITLE  = "Machine  Synthesis of Mathematical Theorems",
    JOURNAL = "J.~of~Logic  Programming",
    VOLUME = "9",
    NUMBER = "2\&3",
    PAGES  = "235--266",
    YEAR   = "1990"
}
@ARTICLE{VassSMJe,
    AUTHOR = "S. N. Vassilyev",
    TITLE  = "A Method for Synthesis of the Derivability Conditions of the 
{H}orn and Some Other Formulas",
    JOURNAL = "Siberian Mathematical J.",
    VOLUME = "38",
    NUMBER = "5",
    PAGES  = "1034--1046",
    YEAR   = "1997"
}

@ARTICLE{VassSMJ,
    lang   = "ru",
    AUTHOR = "С. Н. Васильев",
    TITLE = "Метод синтеза условий выводимости хорновских и некоторых других формул",
    JOURNAL = "Сибирский математический журнал",
    YEAR = "1997",
    VOLUME = "38",
    NUMBER = "5",
    PAGES = "1034--1046"
};

@BOOK{Chang+Lee_1973,
    AUTHOR = "C.--L. Chang and R.C.--T.  Lee",
    TITLE  = "Symbolic Logic and Mechanical Theorem Proving",
    PUBLISHER="Academic Press",
    ADDRESS= "New~York, San Francisco, London",
    YEAR   = "1973"
}
@BOOK{Chang+Lee_1973r,
    AUTHOR = "Ч. Чень and Р. Ли",
    TITLE  = "Математическая логика и автоматическое доказательство 
теорем",
    PUBLISHER="М.:~Мир",
    YEAR   = "1990"
}
@ARTICLE{VassLA97,
    AUTHOR = "S. Vassilyev",
    TITLE  = "Logical Approach to Control Theory and Application",
    JOURNAL= "J.~Nonlinear Analysis, Theory, Methods \& Applications",
    VOLUME = 30,
    NUMBER = 4,
    PAGES  = "1927--1937",
    YEAR   = 1997
}
@CONFERENCE{VassIMACS,
    TITLE  = "{HEVROLOG} --- {T}he Intellectual Integrating Environment in System Dynamics and Control Theory",
    BOOKTITLE="Abst. of IMACS/IFAC Workshop. Methods and Software for Automatic Control Systems",
    AUTHOR = "V. M. Matrosov and S. Sumenkov and S. N. Vassilyev",
    YEAR   = 1991,
    ADDRESS= "Irkutsk",
    PAGES  = "106--108"
}
@ARTICLE{VassPatrDAN89,
    AUTHOR = "S. G. Patrushev and S. N. Vassilyev",
    JOURNAL= "Doklady Akad. Nauk",
    TITLE  = "To Automatization of {VLSI} Structure Synthesis",
    VOLUME = 306,
    NUMBER = 2,
    PAGES  = "301--304",
    YEAR   = "1989"
}
@conference{Vassilyev_1974,
    author=	"С. Н. Васильев and В. М. Матросов",
    title=	"Принцип сравнения в математической теории 
систем",
    booktitle=	"Тез. докл. {V} Казахстанской научной 
конференции по математике и механике",
    address=	"Алма--Ата, Ч.~I",
    year=	"1974",
    pages=	"34--36",
    lang="ru"
}
@book{Matrosov_1981,
    author=	"В. М. Матросов and С. Н. Васильев and В. Г. 
Каратуев and others",
    title=	"Алгоритмы вывода теорем метода {ВФЛ}",
    publisher=	"Новосибирск:~Наука",
    year=	"1981",
    lang="ru"
}
@article{Martyanov_1982,
    author=	"В. И. Мартьянов",
    title=	"О методах задания и частичного построения 
теорий на {ЭВМ}",
    journal=	"Кибернетика",
    year=	"1982",
    number=	"6",
    pages=	"102--110",
    lang="ru"
}
@article{Martyanov_1984,
    author=	"В. И. Мартьянов",
    title=	"Об инвариантных преобразованиях формул",
    journal=	"Математические заметки",
    year=	"1984",
    volume=	"36",
    number=	"4",
    pages=	"541--584",
    lang="ru"
}
@conference{Martyanov_1987,
    author=	"V. I. Martyanov and V. M. Matrosov and S. N. 
Vassilyev",
    title=	"Computer {M}ethod of {T}heorem {S}ynthesis and 
{P}roving",
    booktitle=	"Abstracts of International Congress on Logic, 
Methodology and Philosophy of Science",
    volume=	"1",
    number=	"1",
    year=	"1987"
}
@conference{Vassilyev_1978,
    author=	"С. Н. Васильев",
    title=	"Развитие принципа сравнения для алгоритмизации 
вывода теорем с аналогами функций Ляпунова и морфизмами",
    booktitle=	"Тезисы докладов Всесоюзного симпозиума по 
искусственному интеллекту и автоматизации исследований в 
математике",
    address=	"Киев",
    year=	"1978",
    pages=	"5--6",
    lang=	"ru"
}    

@incollection{Vassilyev_1988,
    lang=	"ru",
    title=	"О логических средствах системы планирования 
{ПАСАД}",
    author=	"С. Н. Васильев and А. К. Жерлов and Ш. Б. 
Гулямов and Ю. Ф. Литвинов",
    booktitle=	"Алгоритмы, вып.~66",
    pages=	"97--112",
    year=	"1988",
    address=	"Ташкент, АН~УзССР"
}

@BOOK{HandbookAILP,
    EDITOR = "D.M. Gabbay and C.J. Hogger and J.A. Robinson",
    TITLE  = "Handbook of Logic in Artificial Intelligence and Logic Programming",
    VOLUME = "2, ``Deduction Methodologies''",
    PUBLISHER="Clarendon Press",
    ADDRESS= "Oxford",
    YEAR   = "1994"
}
@PHDTHESIS{Green_1969,
    AUTHOR = "C. Green",
    TITLE  = "The Application of Theorem Proving to Question Answering Systems, {P}h.{D}. diss.",
    SCHOOL = "Stanford University",
    ADDRESS= "Stanford, California",
    YEAR   = "1969"
}

@BOOK{Takeuchi_1975,
    AUTHOR = "G. Takeuchi",
    TITLE = "Proof Theory",
    PUBLISHER = "North--Holland Publ. Comp., American Elsevier Publ. Comp.",
    ADDRESS = "Amsterlam, London, New York",
    YEAR = 1975
}
% {\em Такеучи Г.\/} Теория доказательств, М., Мир, 1978.
@ARTICLE{Gentzen_1934,
    AUTHOR = "G. Gentzen",
    TITLE  = "Undersuhungen {\"u}ber das logishe Schliessen. I,II", 
    JOURNAL = "Matematische Zeitschrift",
    VLUME  = "39",
    YEAR   = "1934--1935", 
    PAGES  = "176--209, 405--443"
}
%    AUTHOR = "С. Н. Васильев and А. К. Жерлов",
%    EDITOR = "В. А. Виттих",
@INcollection{VassZherl,
    lang   = "ru",
    AUTHOR = "S. N. Vassilyev and A. K. Zherlov",
    TITLE = "Логическое моделирование и управление в реальном времени",
    BOOKTITLE = "Интеллектуальные системы в машиностроении (под ред. В.А. Виттиха)",
    PUBLISHER  = "Самарский филиал Института машиноведения РАН",
    ADDRESS = "Самара",
    YEAR = 1991,
    VOLUME = "2",
    PAGES = "33--38"
}
@BOOK{IntellControl,
    TITLE = "Intelligent Control Systems. Theory and Applications",
    EDITOR = "M. Gupta and N. Sinha",
    PUBLISHER = "IEEE Press",
    ADDRESS = "New~York",
    YEAR = "1996",
    PAGES = "804--807"
}

@conference{Walter_1984,
    author=	"{Ch}. Walter",
    title=	"A {M}echanical {S}olution of {S}chubert's {S}teamroller by
{M}any--{S}orted {R}esolution",
    booktitle=	"Proc. of the National Conf. on AI",
    year=	"1984",
    pages=	"330-334"
}

@conference{Walter_1981,
    author=	"K. Bl{\"{a}}sius and N. Eisinger and J. Siekmann and
    G. Smolka and A. Herold and Ch. Walter",
    title=	"The {M}arkgraf {K}arl {R}efutation {P}rocedure",
    booktitle=	"Proc. of the 7-th International Joint Conf. on AI 
(IJCAI-81)",
    address=	"Vancover",
    year=	"1981"
}

@inproceedings{Newell+Shaw:1957,
	author = "Newell, A. and Shaw, J. C.",
	year = "1957",
	title = "Programming the Logic Theory Machine",
	booktitle = "Proceedings of the 1957 Western Joint Computer Conference",
	organization = "IRE",
	pages = "230--240",
}

@article{Newell+al:1957,
	author = "Newell, A. and Shaw, J. C. and Simon, H. A.",
	year = "1957",
	title = "Empirical Explorations With the Logic Theory
		Machine",
	journal = "Proceedings of the Western Joint Computer
		Conference",
	volume = "15",
	pages = "218--239",
}
@article{Gelernter+al:1960,
	author = "Gelernter, H. and Hanson, J. R. and Loveland, D. L.",
	year = "1960",
	title = "Empirical Exploration of the Geometry Theorem Proving 
Machine",
	journal = "lbid.",
	pages = "143--147",
	volume = "4"
}
@inproceedings{Gelernter:1959,
	author = "Gelernter, H.",
	year = "1959",
	title = "Realization of a Geometry-Theorem Proving Machine",
	booktitle = "Proceedings of an International Conference on
		Information Processing",
	address = "Paris",
	pages = "273--282",
}


@BOOK{Russell_1995,
    AUTHOR=	"S. J. Russel and P. Norvig",
    TITLE=      "Artificial Intelligence: A Modern Approach",
    PUBLISHER=	"Prentice Hall, Inc.",
    ADDRESS=	"Upper Saddle River, New Jersey",
    YEAR=	"1995",
}
@BOOK{Malpas_1990,
    lang   = "ru",
    AUTHOR=	"Дж. Малпас",
    TITLE=	"Реляционный язык ПРОЛОГ и его применение: Пер. с англ./Под редакцией В.Н.~Соболева",
    PUBLISHER=	"М.:~Наука",
    YEAR=	"1990",
}

@ARTICLE{Robinson_1965,
    AUTHOR=	"J. A. Robinson",
    TITLE=	"A Machine--Oriented Logic Based on the Resolution Principle",
    JOURNAL=	"Journal of the ACM",
    NUMBER=	"12",
    PAGES=	"23--41",
    YEAR=	"1965"    
}

@ARTICLE{pavlov,
    lang = "ru",
    language = "russian",
    hyphenation = "russian",
    AUTHOR=	"Николайчук, О.А. and Павлов, С.И.",
    TITLE=	"Применение компонентного подхода для создания системы автоматизации исследований",
    JOURNAL=	"Вестник компьютерных и информационных технологий",
    NUMBER=	"4",
    PAGES=	"23--32",
    issn=       "1810-7206", 
    publisher = {Научно--техническое издательство ``Машиностроение''},
    YEAR=	"2010",
    annotation = "Изложен подход к разработке систем автоматизации исследования технического состояния механических систем для исследователей, не владеющих языками программирования. Предложено осуществлять создание системы автоматизации путем компонентной сборки из общедоступных, а также созданных авторами программных систем.
An approach to the system development for computer-aided investigation of mechanical systems technical state is considered. Component-based assembly of automation systems by publicly available and software created by authors is offered. The system is intended for the researchers that not-familiar with the programming languages."    
}

@INCOLLECTION{Robinson_1965r,
    lang   = "ru",
    AUTHOR=	"Дж. А. Робинсон",
    TITLE=	"Машинно--ориентированная логика, основанная на 
принципе резолюции",
    BOOKTITLE=	"Кибернетический сборник. Новая серия. Вып.~7 
Сб.~статей: Пер.~с англ.",
    YEAR=	"1970",
    PUBLISHER=	"М.:~Мир",
    PAGES=	"194--218"
}

@BOOK{Roussel_1992,
    AUTHOR=	"P. Roussel",
    TITLE=	"PROLOG: Manuel de Reference et d'Utilisation",
    PUBLISHER=	"University of Aix--Marselles",
    ADDRESS=	"Luminy, France",
    YEAR=	"1975"
}

@InCollection{Colmerauer_1973,
    AUTHOR=	"A. Colmerauer",
    TITLE=	"{L}es systems--{Q} on un {F}ormalisme pour {A}nalyser et 
{S}ynthetiser des {P}hrases sur {Q}rdinateur",
    BookTitle=	"Publication Interne",
    NUMBER=	"43",
    YEAR=	"1973",
    address=	"Dept.~d'Informatique. Universite de Montreal"
}
@ARTICLE{Colmerauer_1990,
    AUTHOR=	"A. Colmerauer",
    TITLE=	"An Introduction to {P}rolog {III}",
    JOURNAL=	"Communications of the {ACM}",
    VOLUME=	"33",
    NUMBER=	"7",
    YEAR=	"1990"
}

@book{Whitehead+Russell:1910,
	author = "Whitehead, A. N. and Russell, B.",
	year = "1910",
	title = "Principia Mathematica",
	publisher = cambridge,
	address = cambridge-ad,
}

@book{heineman:2001,
        author = "George T. Heineman and William T. Councill",
        title = "Component-Based Software Engineering: Putting the Pieces Together",
        publisher = "Addison-Wesley",
        year = "2001"
}

@incollection{Mantzivoda_1992,
    author=	"A. Mantzivoda",
    title=	"{F}lang: A Functional--Logic Language",
    booktitle=	"Lect. Notes in Comp. Sci.",
    editor=	"H. Boley and M.M. Richter",
    publisher=	"Splingler",
    year=	"1992",
    pages=	"257--270",
    volume=	"567"
}
@incollection{Aczel_1991,
    author=	"P. Aczel and D. P. Carreishe and N. Mendler",
    title=	"Two Frameworks of Theories and Their Implementations 
in {I}sabelle",
    editors=	"G. Huet and G. Plotkin",
    booktitle=  "Logical Frameworks",
    pages=	"3--39",
    year=	"1991",
    publisher=	"Cambridge Univ. Press"
}
@article{Kapur_1995,
    author=	"D. Kapur and H. Zhang",
    title=	"An Owerview of Rewrite Rule Laboratory",
    journal=	"Journal of Mathematics of Computation"
}
@ARTICLE{Maslov_1964,
    lang   = "ru",
    AUTHOR=	"С. Ю. Маслов",
    TITLE=	"Обратный метод установления выводимости в классическом 
исчислении предикатов",
    JOURNAL=	"ДАН СССР",
    YEAR=	"1964",
    NUMBER=	"1",
    VOLUME=	"159",
    PAGES=	"17--20"
}

@INCOLLECTION{Davidov_1969,
    lang   = "ru",
    AUTHOR=	"Г. В. Давыдов and С. Ю. Маслов and Г. Е. Минц and В. 
П. Оревков and А. О. Слисенко",
    TITLE=	"Машинный алгоритм установления выводимости на основе 
обратного вывода",
    BOOKTITLE=	"Исследования по конструктивной математике и 
метематической логике. Записки научных семинаров ЛОМИ АН СССР",
    PUBLISHER=	"Л.:~Наука",
    YEAR=	"1969",
    VOLUME=	"6",
    PAGES=	"17--32"
}

@INCOLLECTION{Davidov_1971,
    lang   = "ru",
    AUTHOR=	"Г. В. Давыдов",
    YEAR=	"1971",
    TITLE=	"Синтез метода резолюции с обратным методом",
    BOOKTITLE=	"Зап. научн. семинаров ЛОМИ АН СССР",
    PUBLISHER=	"Л.:~Наука",
    VOLUME=	"20"
}

@inproceedings{Kowalski_1974,
	author = "R. Kowalski",
	year = "1974",
	title = "Predicate Logic as a Programming Language",
	booktitle = "Proceedings of the IFIP-74 Congress",
	publisher = "Elsevier Publ.",
	pages = "569--574"
}

    
    
    
@BOOK{Shanin_1965,
    lang   = "ru",
    AUTHOR=	"Н. А. Шанин and Г. В. Давыдов and others",
    TITLE=	"Алгорифм машинного поиска естественного логического 
вывода в исчислении высказываний",
    PUBLISHER=	"Л.:~Наука",
    YEAR=	"1965"
}

@ARTICLE{WangHao_1960,
    AUTHOR=	"Wang Hao",
    TITLE=	"Toward Mechanical Mathematics",
    JOURNAL=	"IBM J. Res. Devel.",
    NUMBER=	"1",
    VOLUME=	"4",
    YEAR=	"1960",
    PAGES=	"2-22"
}

@INCOLLECTION{Wos_1982,
    AUTHOR=	"L. Was",
    TITLE=	"Solving Open Question With an Automated Theorеm 
Proving Program",
    BOOKTITLE=	"Lecture Notes in Computer Science",
    YEAR=	"1982",
    VOLUME=	"138",
    PAGES=	"1--31",
    PUBLISHER=	"Springler--Verlag"
}
@INCOLLECTION{Wos_1982r,
    lang   = "ru",
    AUTHOR=	"Л. Воз",
    TITLE=	"Решение некоторых открытых проблем с помошью программы 
для автоматического доказательства теорем",
    BOOKTITLE=	"Кибернетический сборник. Новая серия. Вып.~21",
    YEAR=	"1984",
    PUBLISHER=	"М.:~Мир",
    PAGES=	"235--263"
}
@Book{Wos_1992,
    AUTHOR=	"L. Wos and R. Overbeek and E. Lusk and J. Boyle",
    TITLE=	"Automated Reasoning: Introduction and Applications",
    PUBLISHER=  "McGraw--Hill",
    ADDRESS=	"New York",
    YEAR=	"1992"
}
@Article{Stickel_1988,
    author=	"M. E. Stickel",
    title=	"A {P}rolog {T}echnology {T}heorem {P}rover",
    journal=	"Journal of Automated Reasoning",
    pages=	"353--380",
    year=	"1988",
    number=	"4",
    volume=	"4"
}

    
    
@INCOLLECTION{SmithXX,
    AUTHOR=	"B. Smith",
    TITLE=	"Reference Manual for the Environmental Theorem 
Prover",
    BOOKTITLE=	"Argonne National Laboratory technical report",
    PUBLISHER=	""
}
@article{Loveland:1968,
	author = "Loveland, D. W.",
	year = "1968",
	title = "Mechanical Theorem Proving by Model Elimination",
	journal = "Communications of The ACM",
	volume = "15",
	number = "2",
	pages = "236--251",
}
@ARTICLE{Loveland_1969,
    AUTHOR=	"D. W. Loveland",
    TITLE=	"A Simplified Format for Model Elimination Procedure",
    JOURNAL=	"Journal of the ACM",
    VOLUME=	"16?",
    NUMBER=	"3",
    YEAR=	"1969",
    PAGES=	"349--363"
}
@CONFERENCE{Bose_1989,
    AUTHOR=	"S. Bose and D. M. Clarke and D. E. Long and S. Michailov",
    TITLE=	"Parthenon: A Parallel Theorem Prover for Non{H}orn 
Phrases",
    BOOKTITLE=	"Proceedings of the Forth IEEE Symposium on Logic in 
Computer Science",
    YEAR=	"June 1989",
    ADDRESS=	"Asilomar, California"
}

@PHDTHESIS{Astrachan_1989,
    AUTHOR = "O. Astrachan",
    TITLE  = "{METEOR}: Model Elimination Theorem Proving for Efficient 
OR--Parallelism, {M}aster thesis, {D}epartment of {C}omputer {S}cience, 
Duke University",
    SCHOOL = "{D}uke {U}niversity",
    ADDRESS= "Department of Computer Science",
    YEAR   = "1989"
}
@CONFERENCE{Schumann_1990,
    AUTHOR=	"J. Schumann and R. Letz",
    TITLE=	"{PARTHEO}: {A} High Performance Theorem Prover",
    BOOKTITLE=	"{P}roceedings of the 10th {I}nternational {C}onference on 
{A}utomated {D}eduction",
    ADDRESS=	"Kaizerslautern, West Germany",
    YEAR=	"July 1990",
    PAGES=	"40--56"
}

@book{Klini_1957,
    title=	"Введение в метаматематику",
    author=	"С. К. Клини",
    publisher=	"М.:~ИЛ",
    year=	"1957"
}

%% Functional Programming
@Book{Field_1993,
    lang   = "ru",
    TITLE=	"Функциональное программирование",
    AUTHOR=	"А. Филд and П. Харрисон",
    PUBLISHER=	"М.:~Мир",
    YEAR=	"1993",
}
@book{Bratko_1990,
    lang=	"ru",
    author=	"И. Братко",
    title=	"Программирование на языке {П}ролог для искусственного 
интеллекта",
    editor=	"А. М. Степанова",
    pages=	"559",
    publisher=	"М.:~Мир"
}
@book{Field_1993e,
    TITLE=	"Functional Programming",
    Authors=	"Anthony J. Field and Peter G. Harrison",
    School=	"University of {L}ondon",
    publisher=	"{A}ddison--{W}esley"
}
@book{Church_1941,
    title=	"The Calculi of Lambda Conversion",
    PUBLISHER=	"Princeton University Press",
    year=	"1941",
    author=	"A. Church"
}
@book{McCarthy_1962,
    title=	"{LISP} 1.5 Programmers Manual",
    YEAR=	"1962",
    publisher=	"MIT Press",
    author=	"J. McCarthy and P.W. Abrahams and D.J. Edwards and 
	T.P. Hart and M.I. Levin"
}

%% modern ATP

@ARTICLE{Bolotov_1998,
    lang   = "ru",
    TITLE=	"Алгоритм поиска вывода в классической логике предикатов",
    AUTHOR=	"А. Е. Болотов and В. А. Бочаров, А. Е. Горчаков",
    JOURNAL=	"Логические исследования, Вып. 5",
    PAGES=	"171--194",
    NUMBER=	"7",
    YEAR=	"1998"
}
@INCOLLECTION{Bolotov_1995,
    lang   = "ru",
    TITLE=	"Алгоритм поиска вывода классической логике предикатов",
    AUTHOR=	"А. Е. Болотов and В. А. Бочаров, А. Е. Горчаков",
    BOOKTITLE=	"Логические исследования, Вып. 3",
    PAGES=	"181--186",
    YEAR=	"1995",
    PUBLISHER=	"М.:~Наука"
}
@BOOK{Fitting_1990,
    TITLE=	"First--Order Logic and Automated Theorem Proving",
    AUTHOR=	"M. C. Fitting",
    PUBLISHER=	"Springer---Verlag",
    YEAR=	"1990"
}
@TechREPORT{McCune_1990,
    TITLE=	"Otter 2.0 Users Guide. Tech. Rept.",
    AUTHOR=	"W. W. Mc{C}une",
    ADRESS=	"Argonne National Laboratories",
    INSTITUTION="Mathematics and Computer Science Division, Argonne, 
Ill.",
    YEAR=	"1990" 
}
@InCollection{Warren_1977,
    title=	"Implementing {PROLOG} --- Compiling Logic Programs. 1 
and 2",
    booktitle=	"{D}.{A}.{I}. Research Report",
    author=	"D. Warren",
    number=	"39",
    volume=	"40",
    year=	"1977",
    SCHOOL=	"University of Edinburgh"
}
@inproceedings{Warren_1980,
    title=	"An improved {PROLOG} Implementation Which Optimises 
tail Recursion",
    booktitle=	"Proceedings of the Logic Programming Workshop",
    editor=	"T{\"a}rnlund, S.--\AA.",
    address=	"Debrecen, Hungary",
    year=	"1980",
    author=	"D. Warren"
}
@incollection{Bruynooghe_1982,
    lang   = "ru",
    title=	"Управление памятью в реализациях ПРОЛОГА",
    author=	"М. Бранохе",
    booktitle=	"Логическое программирование",
    publisher=	"М.:~Мир",
    pages=	"193--210",
    year=	"1988"
}
@incollection{Bruynooghe_1982e,
    title=	"The memory Management of Prolog Implementations",
    booktitle=	"Logic Programming",
    publisher=	"N.~Y.: Academic Press",
    year=	"1982",
    author=	"M. Bruynooghe"
}
@InProceedings{Beckert_1994,
  author = 	 "Bernhard Beckert and Joachim Posegga",
  title = 	 "\mbox{{\sf lean}$T^{\!\!\textstyle A}\!\!P$}:
                  Lean, Tableau-based Theorem Proving",
  editor =	 "Alan Bundy",
  volume =	 "814",
  booktitle =	 "Proc. CADE-12",
  year =	 1994,
  publisher =	 "Springer Verlag",
  address =	 "Nancy, France",
  month =	 "June/July"
}
@article{Beckert+Posegga_1994c,
   author        = {Bernhard Beckert and Joachim Posegga},
   title         = {{\mbox{{\sf lean}$T^{\!\!\textstyle A}\!\!P$}}: Lean
		    Tableau-based Deduction},
   journal       = {Journal of Automated Reasoning},
   volume        = {15},
   number     	 = {3},
   pages         = {339--358},
   year          = {1995}
}
@Book{            DAgostinoGabbayEA_1996,
  title         = {Handbook of Tableau Methods},
  editor        = {M. D'Agostino and D. Gabbay and R. H\"ahnle and
                  J. Posegga},
  publisher     = {Kluwer, Dordrecht},
  year          = {1996}
}
@conference{Slaney_1993,
    title=	"SCOTT: {A} Model--Guided Theorem Prover",
    booktitle=	"Proc. of 13th Int. Conf. on Artificial Intelligence",
    year=	"1993",
    pages=	"109--114",
    author=	"John Slaney"
}

@article{Gulyamov_1995,
    lang   = "ru",
    author	= "Ш. Б. Гулямов",
    title	= "Применение метода синтеза теорем в задачах 
автоматического планирования",
    journal	= "Оптимизация, управление, интеллект",
    year	= "1995",
    number	= "1",
    pages	= "151--163",
    address	= "Иркутск"
}

@article{Vassilyev_1997,
    author	= "S. A. Butyrin and V. P. Makarov and R. R. Mukumov 
and Ye. Somov and S. N. Vassilyev",
    title	= "An {E}xpert {S}ystem for {D}esign of {S}pacecraft 
{A}ttitude {C}ontrol {S}ystem",
    journal	= "Artificial Intelligence in Engineering",
    volume	= "11",
    number	= "1",
    year	= "1997",
    pages	= "49--59"
}

@article{Voronkov_1986,
    lang   = "ru",
    journal	= "Кибернетика",
    title	= "Автоматическое доказательство теорем. {I}",
    author	= "А. А. Воронков and А. И. Дегтяр{\"е}в",
    NUMBER	= "3",
    YEAR	= "1986",
    PAGES	= "27--33"
}
    
    
%% NonIntellectual ;-), Programmers Bibliography

@BOOK{Potter_1992,
    AUTHOR=	"J. L. Potter",
    TITLE=	"Associative Computing: A Programming Paradigm for 
Massively Parallel Computers",
    PAGES=	"286",
    PUBLISHER=	"Plenum Press",
    ADDRESS=	"New York",
    YEAR=	"1992"
}
@book{Budd_1997,
    lang   = "ru",
    Author=	"Т. Бадд",
    TITLE=	"Объектно--ориентированное программирование в 
действии",
    Year=	"1997",
    Publisher=	"{С}пб.:~{Питер}",
}
@book{Budd_1997e,
    author=	"T. Budd",
    school=	"Oregon state university",
    title=	"An Inroduction to Object--Oriented Programming. Second 
Edition",
    publisher=	"Addison Wesley"
}    
@book{Petersen_1997,
    lang   = "ru",
    author=	"Р. Петерсен",
    title=	"{LINUX}: Руководство по операционной системе",
    publisher=	"Киев:~Издательская группа {BHV}",
    YEAR=	"1997",
}
@book{Petersen_1997е,
    author=	"R. Petersen",
    title=	"{L}inux: The Complete Reference",
    publisher=	"Osborne McGraw--Hill, Inc.",
    YEAR=	"1996",
}
@book{Nemeth+al:1999,
    lang   = "ru",
    author=	"Э. Немет and Г. Снайдер and С. Сибасс and Т. Р. Хейн",
    title=	"{UNIX} Руководство системного администратора",
    publisher=	"Киев:~Издательская группа {BHV}",
    YEAR=	"1999",
}
@book{Nemeth+al:1999е,
    author=	"E. Nemeth and G. Snyder and S. Seebass and T. R. Hein",
    title=	"{UNIX} {S}ystem {A}dministration {H}andbook",
    publisher=	"Prentice Hall {PTR}",
    address=	"Endlewood Cliffs, New Jersey",
    YEAR=	"1995",
}

@book{Flores:1982,
    lang   = "ru",
    author=	"И. Флорес",
    title=	"Структуры и управление данными",
    publisher=	"М:~Финансы и статистика",
    YEAR=	"1982",
}
@book{Flores:1982e,
    author=	"I. Flores",
    title=	"{D}ata {S}tructure and {M}anagement",
    publisher=	"Prentice--Hall Inc.",
    address=	"Endlewood Cliffs, New Jersey",
    YEAR=	"1970, 1977",
}

%% Complexity theory & combinatorial problems

@BOOK{Garey_Johnson_1982,
    lang   = "ru",
    AUTHOR=	"М. Гэри and Д. Джонсон",
    TITLE=	"{В}ычислительные машины и труднорешаемые задачи",
    PAGES=	"416",
    YEAR=	"1982",
    PUBLISHER=	"М.:~Мир",
}
@BOOK{Garey_Johnson_1982e,
    AUTHOR=	"Michael R. Garey and David S. Johnson",
    TITLE=	"Computers and Intractability. {A} guide to the theory of 
{NP}--completeness",
    ADDRESS=	"San Francisco",
    PUBLISHER=	"W.~H.~Freeman and Company",
    YEAR=	"1979"
}
@BOOK{Anderson_1982,
    lang   = "ru",
    AUTHOR=	"Р. Андерсон",
    TITLE=	"Доказательство правильности программ",
    YEAR=	"1982",
    PUBLISHER=	"М.:~Мир",
}
@BOOK{Anderson_1982e,
    AUTHOR=	"Robert B. Anderson",
    TITLE=	"Proving Programs Correct",
    SCHOOL=	"University of Houston",
    PUBLISHER=	"John Wiley \& Sons Ltd.",
    YEAR=	"1979"
}
@BOOK{Baber_1996,
    lang   = "ru",
    AUTHOR=	"Р. Л. Бейбер",
    TITLE=	"Программное обеспечение без ошибок",
    YEAR=	"1996",
    PUBLISHER=	"М.:~Джон Уайли энд Санз, Радио и связь",
}
@BOOK{Baber_1996e,
    AUTHOR=	"R. L. Baber",
    TITLE=	"Error--{F}ree {S}oftware:~{K}now--{H}ow and {K}now {W}hy 
of {P}rogram {C}orrectness",
    PUBLISHER=	"John Wiley \& Sons Ltd.",
    YEAR=	"1991",
    address=	"Chichester"
}

@BOOK{Chan_1997,
    lang   = "ru",
    AUTHOR=	"Т. Чан",
    TITLE=	"Системное программирование на C++ для UNIX",
    PUBLISHER=	"Киев:~Издательская группа {BHV}",
    YEAR=	"1997"
}
@BOOK{Chan_1997e,
    AUTHOR=	"Terrence Chan",
    TITLE=	"UNIX System Programming Using {C}++",
    PUBLISHER=	"Prentice Hall {PTR}",
    ADDRESS=	"Upper Saddle River, New Jersey 07458",
    YEAR=	"1997"
}
@book{Aho_1977e,
    author=	"A. Aho and J. Ullman",
    title=	"Principles of Compiler Design",
    publisher=  "Addison--Wesley Publishing Co.",
    address=	"Reading, Mass",
    year=	"1977"
}
@book{Beck_1988r,
    lang   = "ru",
    author=	"Л. Бек",
    title=	"Введение в системное программирование",
    publisher=	"М.:~Мир",
    year=	"1988",
}
@book{Beck_1988e,
    author=	"Lelend L. Beck",
    title=	"System Software. {A}n Introduction to System 
Programming",
    year=	"1985",
    publisher=  "Addison--Wesley Publishing Co."
}
    
%% MyWorks.BIB -------------------------------------------------------

@CONFERENCE{CESA98,
    AUTHOR = "E. Cherkashin and S. Vassilyev",
    TITLE  = "{O}n {I}ntelligent {G}uidance of {T}elescope",
    BOOKTITLE= "Proc. of Computational Engineering in System 
Application International Conference",
    PAGES  = "195--200",
    YEAR   = "1998",
    VOLUME = "2"
}
@InCollection{ICNPAA98,
    AUTHOR = "E. Cherkashin and S. Vassilyev",
    TITLE  = "{T}elescope {G}uidance to the {C}enter of a {P}lanet via 
{ATP}: {M}ethod and {S}oftware",
    BOOKTITLE= "Nonlinear Probelms in Aviation and 
Aerospace",
    PAGES  = "147--155",
    YEAR   = "1998",
    volume = "1",
    Editor = "S. Sivasundaram"
}
@ARTICLE{VassCherSJIM98e,
    AUTHOR = "S. Vassilyev and E. Cherkashin",
    TITLE  = "Intelligent Control of Telescope",
    JOURNAL= "Siberian Industrial Mathematics J.",
    YEAR   = "1998",
    NUMBER = "2"
}
@ARTICLE{VassCherSJIM98,
    AUTHOR = "С. Н. Васильев and Е. А. Черкашин",
    TITLE  = "Интеллектное управление телескопом",
    JOURNAL= "Сибирский журнал индустриальной математики",
    YEAR   = "1998",
    NUMBER = "2",
    pages  = "81--98",
    volume = "1",
    lang   = "ru"
    
}
@CONFERENCE{TelSMC98,
    AUTHOR = "E. A. Cherkashin and S. N. Vassilyev",
    TITLE  = "Telescope {G}uidance via {A}utomatic {T}heorem proving",
    BOOKTITLE="Proc. of International Conference on System, Man, and Cybernetics ",
    YEAR = "1998",
    PAGES = "1439--1444"
}
@InCollection{China98,
    AUTHOR = "E. Cherkasin and S. Vassilyev",
    TITLE  = "Intelligent {C}ontrol of {M}oving {O}bjects",
    BOOKTITLE = "Mini-Micro Systems, Numerical Simulation and its Software",
    YEAR = 1998,
    VOLUME = "19",
    PAGES = "4--24"
}
@CONFERENCE{Intels98e,
    AUTHOR = "E. A. Cherkashin and S. N. Vassilyev",
    TITLE  = "Temporal Reasoning in Intelligent Control of Telescope",
    BOOKTITLE = "Intellectual Sysyems, 3th Int. Symp.",
    ADDRESS = "Pskov, Russia",
    YEAR   = "1998",
    PAGES  = "70--75"
}
@CONFERENCE{Intels98,
    AUTHOR = "Е. А. Черкашин and С. Н. Васильев",
    TITLE  = "Временн{\'о}й вывод в интеллектном управлении телескопом",
    BOOKTITLE = "Третий Международный симпозиум ``Интеллектуальные системы''",
    YEAR   = "1998",
    PAGES  = "70--75",
    lang="ru"
}

@CONFERENCE{xslttransform,
    AUTHOR = "J. Kovse and T. Härder",
    TITLE  = "Generic XMI-Based UML Model Transformations",
    BOOKTITLE = "Object-Oriented. Information Systems, 8th International Conference",
    YEAR   = "2002",
    PAGES  = "192--198",
} 




@CONFERENCE{FLAIRS99,
    AUTHOR ="E. Cherkashin and A. Postoenko and S. Vassilyev and A. Zherlov",
    TITLE  ="New {L}ogics for {I}ntelligent {C}ontrol",
    BOOKTITLE="Proc. of International Conference of 
Florida Artificial Intelligence Research Society",
    YEAR   = "1999"
}
@incollection{OrgUprInt_1997,
    lang=	"ru",
    author=	"С. Н. Васильев and Е. А. Черкашин",
    title=	"Представление и обработка знаний в языке поя--формул",
    booktitle=	"Оптимизация, Управление, Интеллект",
    publisher=	"Издательство ИрВЦ СО~РАН",
    address=	"Иркутск",
    pages=	"156--176",
    number=	"2",
    year=	"1997"
}


